@InProceedings{alhaj:10,
 author={Hassan Al-Haj and Alon Lavie},
 title={The Impact of Arabic Morphological Segmentation on Broad-coverage English-to-Arabic Statistical Machine Translation},
 booktitle={Proc. of AMTA},
 year=2010
}

@Inproceedings{badr:08,
 author={Ibrahim Badr and Rabih Zbib and James Glass},
 title={Segmentation for English-to-Arabic Statistical Machine Translation},
 booktitle={Proc. of NAACL-HLT},
 year=2008
}

@misc{carpenter:08,
 author={Bob Carpenter},
 title={Lazy Sparse Stochastic Gradient Descent for Regularized Multinomial Logistic Regression},
 year={2008}
}

@inproceedings{collins:00,
 Title={Discriminative Reranking for Natural Language Parsing},
 booktitle={Proc. of ICML},
 author={Michael Collins},
 year={2000}
}

@misc{doucet:08,
 Title={A Tutorial on Particle Filtering and Smoothing: Fifteen years later},
 author={Arnaud Doucet and Adam M. Johansen},
 year=2008
}

@inproceedings{dyer:2009,
 author="Chris Dyer",
 title="Using a maximum entropy model to build segmentation lattices for {MT}",
 year=2009,
 booktitle={Proc. of NAACL}
}

@inproceedings{dyer:10,
  Author={Chris Dyer and Adam Lopez and Juri Ganitkevitch and Johnathan Weese and Ferhan Ture and Phil Blunsom and Hendra Setiawan and Vladimir Eidelman and Philip Resnik},
  Title={cdec: A Decoder, Alignment, and Learning framework for finite-state and context-free translation models},
  Booktitle={Proc. of ACL},
  Year=2010
}

@inproceedings{dyer:11,
 author={Chris Dyer and  Jonathan Clark and Alon Lavie and Noah A. Smith},
 title={Unsupervised Word Alignment with Arbitrary Features},
 booktitle={Proc. of HLT},
 year=2011
}

@inproceedings{elkholy:12,
 author={Ahmed El Kholy and Nizar Habash},
 title={Orthographic and Morphological Processing for English-Arabic Statistical Machine Translation},
 booktitle={Machine Translation},
 year=2012
}

@inproceedings{fraser:12,
 author={Alexander Fraser and Marison Weller and Aoife Cahill and Fabienne Cap},
 title={Modeling Inflection and Word Formation},
 booktitle={Proc. of EACL},
 year=2012
}

@InProceedings{ganesh:08,
 author={Surya Ganesh and Sree Harsha and Prasad Pingali and Vasudeva Varma},
 title={Statistical Transliteration for Cross Language Information Retrieval using {HMM} alignment and {CRF}},
 booktitle={Proc. of the 2nd Workshop On Cross Lingual Information Access},
 year={2008}
} 

@InProceedings{green:12,
 author={Spence Green and John DeNero},
 title={A Class-Based Agreement Model for Generating Accurately Inflected Translations},
 booktitle={Proc. of ACL},
 year=2012
}

@InProceedings{habash:06,
 author={Nizar Habash and Fatiha Sadat},
 title={Arabic Preprocessing Schemes for Statistical Machine Translation},
 booktitle={Proc. of NAACL-HLT},
 year=2006
}

@INPROCEEDINGS{huang:2005,
    author = {Liang Huang and David Chiang},
    title = {Better k-best parsing},
    booktitle = {In Proc. of the 9th International Workshop on Parsing Technologies},
    year = {2005}
}


@InProceedings{jiampojamarn:07,
 author    = {Sittichai Jiampojamarn and Grzegorz Kondrak and Tarek Sherif},
 title     = {Applying Many-to-Many Alignments and Hidden {M}arkov Models to Letter-to-Phoneme Conversion},
 booktitle = {Proc. of NAACL},
 year      = {2007}
}


@InProceedings{lafferty:01,
 author={John Lafferty and Andrew McCallum and Fernando Pereira},
 title={Conditional random fields: Probabilistic models for segmenting and labeling sequence data},
 booktitle={Proc. of ICML},
 year=2001
}

@inproceedings{le:11,
 author={Quoc V. Le and Jiquan Ngiam and Adam Coates and Abhik Lahiri and Bobby Prochnow and Andrew Y. Ng},
 title={On Optimization Methods for Deep Learning},
 booktitle={Proc. of ICML},
 year=2011
}

@inproceedings{lee:04,
 author={Young-Suk Lee},
 title={Morphological Analysis for Statistical Machine Translation},
 booktitle={Proc. of HLT-NAACL},
 year=2004
}

@inproceedings{minkov:07,
 author={Einat Minkov and Kristina Toutanova and Hisami Suzuki},
 title={Generating Complex Morphology for Machine Translation},
 booktitle={Proc. of ACL},
 year=2007
}

@inproceedings{neubig:12,
 author={Graham Neubig and Taro Watanabe and Shinsuke Mori and Tatsuya Kawahara},
 title={Machine Translation without Words through Substring Alignment},
 booktitle={Proc. of ACL},
 year=2012
}

@inproceedings{oflazer:07,
 author={Kemal Oflazer and Ilknur Durgar El-Kahlout},
 title={Exploring Different Representational Units in English-to-Turkish Statistical Machine Translation},
 booktitle={Proc. of StatMT},
 year=2007
}

@inproceedings{oflazer:01,
 author={Kemal Oflazer, Sergei Nirenburg and Marjorie McShane},
 title={Bootstrapping Morphological Analyzers by Combining Elicitations and Machine Learning},
 booktitle={Computational Linguistics},
 year=2001
}

@inproceedings{toutanova:08,
 author={Kristina Toutanova and Hisami Suzuki and Achim Ruopp},
 title={Applying Morphology Generation Models to Machine Translation},
 booktitle={Pro. of ACL},
 year=2008
}

@InProceedings{ramanathan:08,
 author={Ananthakrishnan Ramanathan and Pushpak Bhattacharyya and Jayprasad Hegde and Ritesh M. Shah and Sasikumar M},
 title={Simple Syntactic and Morphological Processing Can Help English-Hindi Statistical Machine Translation},
 booktitle={Proc. of IJC-NLP},
 year=2008
}

@InProceedings{reddy:09,
 author={Sravana Reddy and Sonjia Waxmonsky},
 title={Substring-based Transliteration with Conditional Random Fields},
 booktitle={Proc. of the Named Entities Workshop},
 year=2009
}

@InProceedings{rosenfeld:01,
 author={Roni Rosenfeld and Stanley F. Chen and Xiaojin Zhu},
 title={Whole-Sentence Exponential Language Models: a Vehicle for Linguistic-Statistical Integration},
 booktitle={Computer Speech and Language},
 year=2001
}

@article{knight:98,
 year=1998,
 author = {Kevin Knight and Jonathan Graehl},
 title={Machine transliteration},
 journal={Computational Linguistics},
 volume=24,
 number=4
}

@inproceedings{sha:2003,
    author = {Fei Sha and Fernando Pereira},
    title = {Shallow parsing with conditional random fields},
    year = {2003},
    booktitle = {Proc. of NAACL-HLT}
}

@inproceedings{slav:2012,
 author={Slav Petrov and Dipanjan Das and Ryan McDonald},
 title={A Universal Part-of-Speech Tagset},
 year=2012,
 booktitle={Proc. of LREC}
}

@InProceedings{vergyri:04,
 author={Dimitra Vergyri and Katrin Kirchhoff},
 year=2004,
 title={Automatic Diacritization of Arabic for Acoustic Modeling in Speech Recognition},
 booktitle={Proceedings of the Workshop on Computational Approaches to Arabic-based Languages},
 address={Stroudsburg, PA, USA},
 year={2004}
}

@inproceedings{xu:04,
 author={Jia Xu and Richard Zens and Hermann Ney},
 title={Do We Need Chinese Word Segmentation for Statistical Machine Translation?},
 titlebook={Proc. of Sighan Workshop on Chinese Language Learning},
 year=2004
}

@misc{zhang:12,
 author={Min Zhang and Haizhou Li and Ming Liu and A Kumaran},
 title={Whitepaper of {NEWS} 2012 Shared Task on Machine Transliteration},
 year={2012}
}

@inproceedings{zollmann:06,
 author={Andreas Zollmann and Ashish Venugopal and Stephan Vogel},
 title={Bridging the Inflection Morphology Gap for Arabic Statistical Machine Translation},
 booktitle={Proc. of NAACL},
 year={2006}
}
